@ARTICLE{2016A&C....16...99M,
       author = {{Melchior}, P. and {Sheldon}, E. and {Drlica-Wagner}, A. and {Rykoff}, E.~S. and {Abbott}, T.~M.~C. and {Abdalla}, F.~B. and {Allam}, S. and {Benoit-L{\'e}vy}, A. and {Brooks}, D. and {Buckley-Geer}, E. and {Carnero Rosell}, A. and {Carrasco Kind}, M. and {Carretero}, J. and {Crocce}, M. and {D'Andrea}, C.~B. and {da Costa}, L.~N. and {Desai}, S. and {Doel}, P. and {Evrard}, A.~E. and {Finley}, D.~A. and {Flaugher}, B. and {Frieman}, J. and {Gaztanaga}, E. and {Gerdes}, D.~W. and {Gruen}, D. and {Gruendl}, R.~A. and {Honscheid}, K. and {James}, D.~J. and {Jarvis}, M. and {Kuehn}, K. and {Li}, T.~S. and {Maia}, M.~A.~G. and {March}, M. and {Marshall}, J.~L. and {Nord}, B. and {Ogando}, R. and {Plazas}, A.~A. and {Romer}, A.~K. and {Sanchez}, E. and {Scarpine}, V. and {Sevilla-Noarbe}, I. and {Smith}, R.~C. and {Soares-Santos}, M. and {Suchyta}, E. and {Swanson}, M.~E.~C. and {Tarle}, G. and {Vikram}, V. and {Walker}, A.~R. and {Wester}, W. and {Zhang}, Y.},
        title = "{Crowdsourcing quality control for Dark Energy Survey images}",
      journal = {Astronomy and Computing},
     keywords = {Surveys, Information systems: Crowdsourcing, Human-centered computing: Collaborative filtering, Astrophysics - Instrumentation and Methods for Astrophysics},
         year = 2016,
        month = jul,
       volume = {16},
        pages = {99-108},
          doi = {10.1016/j.ascom.2016.04.003},
archivePrefix = {arXiv},
       eprint = {1511.03391},
 primaryClass = {astro-ph.IM},
       adsurl = {https://ui.adsabs.harvard.edu/abs/2016A&C....16...99M},
      adsnote = {Provided by the SAO/NASA Astrophysics Data System}
}

@ARTICLE{2021ApJS..255...20A,
       author = {{Abbott}, T.~M.~C. and {Adam{\'o}w}, M. and {Aguena}, M. and {Allam}, S. and {Amon}, A. and {Annis}, J. and {Avila}, S. and {Bacon}, D. and {Banerji}, M. and {Bechtol}, K. and {Becker}, M.~R. and {Bernstein}, G.~M. and {Bertin}, E. and {Bhargava}, S. and {Bridle}, S.~L. and {Brooks}, D. and {Burke}, D.~L. and {Carnero Rosell}, A. and {Carrasco Kind}, M. and {Carretero}, J. and {Castander}, F.~J. and {Cawthon}, R. and {Chang}, C. and {Choi}, A. and {Conselice}, C. and {Costanzi}, M. and {Crocce}, M. and {da Costa}, L.~N. and {Davis}, T.~M. and {De Vicente}, J. and {DeRose}, J. and {Desai}, S. and {Diehl}, H.~T. and {Dietrich}, J.~P. and {Drlica-Wagner}, A. and {Eckert}, K. and {Elvin-Poole}, J. and {Everett}, S. and {Evrard}, A.~E. and {Ferrero}, I. and {Fert{\'e}}, A. and {Flaugher}, B. and {Fosalba}, P. and {Friedel}, D. and {Frieman}, J. and {Garc{\'\i}a-Bellido}, J. and {Gaztanaga}, E. and {Gelman}, L. and {Gerdes}, D.~W. and {Giannantonio}, T. and {Gill}, M.~S.~S. and {Gruen}, D. and {Gruendl}, R.~A. and {Gschwend}, J. and {Gutierrez}, G. and {Hartley}, W.~G. and {Hinton}, S.~R. and {Hollowood}, D.~L. and {Honscheid}, K. and {Huterer}, D. and {James}, D.~J. and {Jeltema}, T. and {Johnson}, M.~D. and {Kent}, S. and {Kron}, R. and {Kuehn}, K. and {Kuropatkin}, N. and {Lahav}, O. and {Li}, T.~S. and {Lidman}, C. and {Lin}, H. and {MacCrann}, N. and {Maia}, M.~A.~G. and {Manning}, T.~A. and {Maloney}, J.~D. and {March}, M. and {Marshall}, J.~L. and {Martini}, P. and {Melchior}, P. and {Menanteau}, F. and {Miquel}, R. and {Morgan}, R. and {Myles}, J. and {Neilsen}, E. and {Ogando}, R.~L.~C. and {Palmese}, A. and {Paz-Chinch{\'o}n}, F. and {Petravick}, D. and {Pieres}, A. and {Plazas}, A.~A. and {Pond}, C. and {Rodriguez-Monroy}, M. and {Romer}, A.~K. and {Roodman}, A. and {Rykoff}, E.~S. and {Sako}, M. and {Sanchez}, E. and {Santiago}, B. and {Scarpine}, V. and {Serrano}, S. and {Sevilla-Noarbe}, I. and {Smith}, J. Allyn and {Smith}, M. and {Soares-Santos}, M. and {Suchyta}, E. and {Swanson}, M.~E.~C. and {Tarle}, G. and {Thomas}, D. and {To}, C. and {Tremblay}, P.~E. and {Troxel}, M.~A. and {Tucker}, D.~L. and {Turner}, D.~J. and {Varga}, T.~N. and {Walker}, A.~R. and {Wechsler}, R.~H. and {Weller}, J. and {Wester}, W. and {Wilkinson}, R.~D. and {Yanny}, B. and {Zhang}, Y. and {Nikutta}, R. and {Fitzpatrick}, M. and {Jacques}, A. and {Scott}, A. and {Olsen}, K. and {Huang}, L. and {Herrera}, D. and {Juneau}, S. and {Nidever}, D. and {Weaver}, B.~A. and {Adean}, C. and {Correia}, V. and {de Freitas}, M. and {Freitas}, F.~N. and {Singulani}, C. and {Vila-Verde}, G. and {Linea Science Server}},
        title = "{The Dark Energy Survey Data Release 2}",
      journal = {\apjs},
     keywords = {Dark energy, Cosmology, Extragalactic astronomy, Surveys, Redshift surveys, Optical astronomy, Near infrared astronomy, Astrophysics - Instrumentation and Methods for Astrophysics, Astrophysics - Cosmology and Nongalactic Astrophysics, Astrophysics - Astrophysics of Galaxies, Astrophysics - Solar and Stellar Astrophysics},
         year = 2021,
        month = aug,
       volume = {255},
       number = {2},
          eid = {20},
        pages = {20},
          doi = {10.3847/1538-4365/ac00b3},
archivePrefix = {arXiv},
       eprint = {2101.05765},
 primaryClass = {astro-ph.IM},
       adsurl = {https://ui.adsabs.harvard.edu/abs/2021ApJS..255...20A},
      adsnote = {Provided by the SAO/NASA Astrophysics Data System}
}

